<?xml version="1.0" encoding="UTF-8"?>
<collection xmlns:xsi="http://www.w3.org/2001/XMLSchema-instance" xsi:schemaLocation="http://www.loc.gov/MARC21/slim http://www.loc.gov/standards/marcxml/schema/MARC21slim.xsd" xmlns="http://www.loc.gov/MARC21/slim">
<record>
  <leader>01391cam a2200301 a 4500</leader>
  <controlfield tag="001">3079321</controlfield>
  <controlfield tag="003">NNC</controlfield>
  <controlfield tag="005">20100225201544.0</controlfield>
  <controlfield tag="008">950531q19291930sy       b    000 0 ara d</controlfield>
  <datafield tag="035" ind1=" " ind2=" ">
    <subfield code="a">(OCoLC)32577268</subfield>
  </datafield>
  <datafield tag="035" ind1=" " ind2=" ">
    <subfield code="a">(OCoLC)ocm32577268</subfield>
  </datafield>
  <datafield tag="035" ind1=" " ind2=" ">
    <subfield code="9">ATQ4201CU</subfield>
  </datafield>
  <datafield tag="035" ind1=" " ind2=" ">
    <subfield code="a">(NNC)3079321</subfield>
  </datafield>
  <datafield tag="040" ind1=" " ind2=" ">
    <subfield code="a">UaCaAUL</subfield>
    <subfield code="d">UaCaAUL</subfield>
  </datafield>
  <datafield tag="066" ind1=" " ind2=" ">
    <subfield code="c">(3</subfield>
  </datafield>
  <datafield tag="090" ind1=" " ind2=" ">
    <subfield code="a">PJ6131</subfield>
    <subfield code="b">.M85 1929</subfield>
  </datafield>
  <datafield tag="100" ind1="1" ind2=" ">
    <subfield code="6">880-01</subfield>
    <subfield code="a">Muḥibbī, Muḥammad Amīn ibn Faḍl Allāh,</subfield>
    <subfield code="d">1651-1699.</subfield>
  </datafield>
  <datafield tag="245" ind1="1" ind2="0">
    <subfield code="6">880-02</subfield>
    <subfield code="a">Janá al-jannatayn fī tamyīz nawʻay al-muthannayayn /</subfield>
    <subfield code="c">taʻlīf Muḥammad Amīn ibn Faḍl Allāh al-Muḥibbī.</subfield>
  </datafield>
  <datafield tag="260" ind1=" " ind2=" ">
    <subfield code="6">880-03</subfield>
    <subfield code="a">Dimashq :</subfield>
    <subfield code="b">Maktabat al-Qudsī wa-al-Budayr,</subfield>
    <subfield code="c">1348 [1929]</subfield>
  </datafield>
  <datafield tag="300" ind1=" " ind2=" ">
    <subfield code="a">172 p. ;</subfield>
    <subfield code="c">24 cm.</subfield>
  </datafield>
  <datafield tag="500" ind1=" " ind2=" ">
    <subfield code="a">"ʻAn nuskhat al-marḥūm al-Sayyid ʻAbd al-Bāqī al-Ḥasanī al-Jazāʾirī maʻa al-muqābalah bi-thalāth nusakh min al-Khizānah al-Taymūrīyah al-ʻāmirah."-- T.p.</subfield>
  </datafield>
  <datafield tag="504" ind1=" " ind2=" ">
    <subfield code="a">Includes bibliographical references.</subfield>
  </datafield>
  <datafield tag="650" ind1=" " ind2="0">
    <subfield code="a">Arabic language</subfield>
    <subfield code="x">Number.</subfield>
  </datafield>
  <datafield tag="880" ind1="1" ind2=" ">
    <subfield code="6">100-01/(3/r</subfield>
    <subfield code="a">محبى، محمد أمين بن فضل الله..</subfield>
  </datafield>
  <datafield tag="880" ind1="1" ind2="0">
    <subfield code="6">245-02/(3/r</subfield>
    <subfield code="a">جنى الجنتين فى تمييز نوعى المثنيين /</subfield>
    <subfield code="c">تأليف محمد أمين بن فضل الله المحبى..</subfield>
  </datafield>
  <datafield tag="880" ind1=" " ind2=" ">
    <subfield code="6">260-03/(3/r</subfield>
    <subfield code="a">دمشق :</subfield>
    <subfield code="b">مكتبة القدسى والبدير،</subfield>
    <subfield code="c">[1929] 1348.</subfield>
  </datafield>
  <datafield tag="955" ind1=" " ind2=" ">
    <subfield code="b">CU58892222</subfield>
    <subfield code="d">off,glx</subfield>
    <subfield code="e">893.74 M892</subfield>
  </datafield>
</record>
</collection>